<?xml version="1.0" encoding="utf-8"?>
<record xmlns="http://www.loc.gov/MARC21/slim" xmlns:xsi="http://www.w3.org/2001/XMLSchema-instance" xsi:schemaLocation="http://www.loc.gov/MARC21/slim http://www.loc.gov/standards/marcxml/schema/MARC21slim.xsd">
	<leader>     nam a22     Mi 4500</leader>
	<controlfield tag="001">5167750</controlfield>
	<controlfield tag="003">NNC</controlfield>
	<controlfield tag="006">m        d        </controlfield>
	<controlfield tag="007">cr cn |||m|||a</controlfield>
	<controlfield tag="008">190404s1943    le bh   ob    000 0 ara d</controlfield>
	<datafield ind1=" " ind2=" " tag="040">
		<subfield code="a">ZYU</subfield>
		<subfield code="b">ara</subfield>
		<subfield code="e">rda</subfield>
		<subfield code="c">ZYU</subfield>
	</datafield>
	<datafield ind1=" " ind2=" " tag="043">
		<subfield code="a">a-sy---</subfield>
	</datafield>
	<datafield ind1=" " ind2="4" tag="050">
		<subfield code="a">NA5968</subfield>
		<subfield code="b">.D2 I14</subfield>
	</datafield>
	<datafield ind1="1" ind2=" " tag="100">
		<subfield code="6">880-01</subfield>
		<subfield code="a">Ibn al-Mibrad, Yūsuf ibn Ḥasan,</subfield>
		<subfield code="d">1436 or 1437-1503.</subfield>
	</datafield>
	<datafield ind1="1" ind2="0" tag="245">
		<subfield code="6">880-02</subfield>
		<subfield code="a">Thimār al-maqāṣid fī dhikr al-masājid /</subfield>
		<subfield code="c">taʼlīf Yūsuf ibn ʻAbd al-Hādī ; taḥqīq Muḥammad Asʻad Ṭalas.</subfield>
	</datafield>
	<datafield ind1=" " ind2=" " tag="260">
		<subfield code="6">880-03</subfield>
		<subfield code="a">Bayrūt :</subfield>
		<subfield code="b">al-Maʻhad al-Ifransī bi-Dimashq,</subfield>
		<subfield code="c">1943.</subfield>
	</datafield>
	<datafield ind1=" " ind2=" " tag="300">
		<subfield code="a">online resource (332 pages) :</subfield>
		<subfield code="b">folded map, facsimiles</subfield>
	</datafield>
	<datafield ind1=" " ind2=" " tag="336">
		<subfield code="a">text</subfield>
		<subfield code="2">rdacontent</subfield>
	</datafield>
	<datafield ind1=" " ind2=" " tag="337">
		<subfield code="a">computer</subfield>
		<subfield code="2">rdamedia</subfield>
	</datafield>
	<datafield ind1=" " ind2=" " tag="338">
		<subfield code="a">online resource</subfield>
		<subfield code="2">rdacarrier</subfield>
	</datafield>
	<datafield ind1="1" ind2=" " tag="490">
		<subfield code="6">880-04</subfield>
		<subfield code="a">Majmūʻat al-nuṣus al-Sharqīyah ;</subfield>
		<subfield code="v">al-juzʼ 3</subfield>
	</datafield>
	<datafield ind1=" " ind2=" " tag="500">
		<subfield code="a">Part of the Arabic Collections Online (ACO) project, contributed by Columbia University Libraries.</subfield>
	</datafield>
	<datafield ind1=" " ind2=" " tag="504">
		<subfield code="a">Includes bibliographical references (pages 329-332).</subfield>
	</datafield>
	<datafield ind1=" " ind2=" " tag="533">
		<subfield code="a">Electronic reproduction.</subfield>
		<subfield code="b">New York, N.Y. :</subfield>
		<subfield code="c">New York University,</subfield>
		<subfield code="d">2019.</subfield>
		<subfield code="5">NNU</subfield>
	</datafield>
	<datafield ind1=" " ind2="0" tag="651">
		<subfield code="a">Damascus (Syria)</subfield>
		<subfield code="x">Buildings, structures, etc.</subfield>
	</datafield>
	<datafield ind1=" " ind2="0" tag="650">
		<subfield code="a">Mosques</subfield>
		<subfield code="z">Syria</subfield>
		<subfield code="z">Damascus.</subfield>
	</datafield>
	<datafield ind1=" " ind2="7" tag="650">
		<subfield code="a">Buildings.</subfield>
		<subfield code="2">fast</subfield>
		<subfield code="0">(OCoLC)fst00840962</subfield>
	</datafield>
	<datafield ind1=" " ind2="7" tag="650">
		<subfield code="a">Mosques.</subfield>
		<subfield code="2">fast</subfield>
		<subfield code="0">(OCoLC)fst01026761</subfield>
	</datafield>
	<datafield ind1=" " ind2="7" tag="651">
		<subfield code="a">Syria</subfield>
		<subfield code="z">Damascus.</subfield>
		<subfield code="2">fast</subfield>
		<subfield code="0">(OCoLC)fst01207112</subfield>
	</datafield>
	<datafield ind1="1" ind2=" " tag="700">
		<subfield code="6">880-05</subfield>
		<subfield code="a">Ṭalas, Muḥammad Asʻad,</subfield>
		<subfield code="e">editor. </subfield>
	</datafield>
	<datafield ind1="2" ind2=" " tag="710">
		<subfield code="a">Columbia University.</subfield>
		<subfield code="b">Libraries.</subfield>
	</datafield>
	<datafield ind1="0" ind2=" " tag="730">
		<subfield code="a">Arabic Collections Online.</subfield>
	</datafield>
	<datafield ind1="0" ind2="8" tag="776">
		<subfield code="i">Online version:</subfield>
		<subfield code="a">Ibn al-Mibrad, Yūsuf ibn Ḥasan, 1436 or 7-1503.</subfield>
		<subfield code="t">Thimār al-maqāṣid fī dhikr al-masājid.</subfield>
		<subfield code="d">Bayrūt : [s.n.], 1943</subfield>
		<subfield code="w">(OCoLC)561677019</subfield>
	</datafield>
	<datafield ind1="0" ind2="8" tag="776">
		<subfield code="i">Print version:</subfield>
		<subfield code="a">Ibn al-Mibrad, Yūsuf ibn Ḥasan, 1436 or 1437-1503.</subfield>
		<subfield code="t">Thimār al-maqāṣid fī dhikr al-masājid</subfield>
		<subfield code="w">(NNC)5167750</subfield>
		<subfield code="w">(OCoLC)23497402</subfield>
	</datafield>
	<datafield ind1=" " ind2="0" tag="830">
		<subfield code="6">880-06</subfield>
		<subfield code="a">Majmūʻat al-nuṣus al-Sharqīyah ;</subfield>
		<subfield code="v">al-juzʼ 3.</subfield>
	</datafield>
	<datafield ind1="4" ind2="0" tag="856">
		<subfield code="u">http://hdl.handle.net/2333.1/vt4b8r3z</subfield>
	</datafield>
	<datafield ind1="1" ind2=" " tag="880">
		<subfield code="6">100-01</subfield>
		<subfield code="a">ابن المبرد، يوسف بن حسن،</subfield>
		<subfield code="d">1436 or 1437-1503.</subfield>
	</datafield>
	<datafield ind1="1" ind2="0" tag="880">
		<subfield code="6">245-02</subfield>
		<subfield code="a">ثمار المقاصد فى ذكر المساجد /</subfield>
		<subfield code="c">تأليف يوسف بن عبد الهادي ؛ محمد اسعد طلاس.</subfield>
	</datafield>
	<datafield ind1=" " ind2=" " tag="880">
		<subfield code="6">260-03</subfield>
		<subfield code="a">بيروت :</subfield>
		<subfield code="b">المعهد الافرنسي بدمشق،</subfield>
		<subfield code="c">١٩٤٣.</subfield>
	</datafield>
	<datafield ind1="1" ind2=" " tag="880">
		<subfield code="6">490-04</subfield>
		<subfield code="a">مجموعة النصوص الشرقية ؛</subfield>
		<subfield code="v">الجزء ٣</subfield>
	</datafield>
	<datafield ind1="1" ind2=" " tag="880">
		<subfield code="6">700-05</subfield>
		<subfield code="a">طلاس، محمد اسعد،</subfield>
		<subfield code="e">editor. </subfield>
	</datafield>
	<datafield ind1=" " ind2="0" tag="880">
		<subfield code="6">830-06</subfield>
		<subfield code="a">مجموعة النصوص الشرقية ؛</subfield>
		<subfield code="v">الجزء ٣.</subfield>
	</datafield>
	<datafield ind1=" " ind2=" " tag="959">
		<subfield code="a">NNU</subfield>
		<subfield code="b">WEB</subfield>
		<subfield code="c">GENI</subfield>
		<subfield code="t">0</subfield>
		<subfield code="m">Electronic access</subfield>
		<subfield code="s">01</subfield>
	</datafield>
	<datafield ind1=" " ind2=" " tag="999">
		<subfield code="i">NNC_5167750</subfield>
		<subfield code="o">(OCoLC)ocm23497402</subfield>
		<subfield code="s">columbia_aco004011</subfield>
		<subfield code="e">(ERROR-880)</subfield>
		<subfield code="s">columbia_aco004011</subfield>
	</datafield>
</record>
